@article{Lewiner2009a,
author = {Lewiner, T. and Mello, V. and Peixoto, A. and Pesco, S. and Lopes, H.},
file = {:Users/davidcoeurjolly/Library/Application Support/Mendeley Desktop/Downloaded/Lewiner et al. - 2009 - Fast generation of pointerless octree duals.pdf:pdf},
journal = {Computer Graphics},
keywords = {dual,hash table,octree},
number = 5,
pages = {1--9},
title = {{Fast generation of pointerless octree duals}},
url = {http://www.cgv.tugraz.at/CGV/People/people/behnke/SGP2010/1661-1669.pdf},
volume = 29,
year = 2009
}

@Misc{ImaGene,
   title =       {ImaGene, {Gen}eric Digital {Ima}ge Library },
   note =        {http://gforge.liris.cnrs.frs/projects/imagene}
}


@INPROCEEDINGS{Lachaud03b,
  AUTHOR =   {J.-O. Lachaud},
  TITLE =   {Coding cells of digital spaces: a framework to write generic digital topology algorithms},
  BOOKTITLE =   {Proc. Int. Work. Combinatorial Image Analysis (IWCIA'2003), Palermo, Italy},
  YEAR =   {2003},
  EDITOR =   {Del Lungo, A. and Di Ges\`{u}, V. and A. Kuba},
  SERIES =   {ENDM},
  VOLUME =       {12},
  PUBLISHER =    {Elsevier}
}

@PhdThesis{Reveilles_1991_thesis,
  author =       {J.-P. Reveill{\`e}s},
  title =        {G{\'e}om{\'e}trie discr{\`e}te, calcul en nombres entiers et
algorithmique},
  school =       {Universit{\'e} Louis Pasteur},
  year =         1991,
  type =         {Th{\`e}se d'Etat},
  address =      {Strasbourg, France},
  note = {In french}
}

@Article{Debled_1995_ijprai,
  author = 	 {I. Debled-Renesson and Reveill\`{e}s, J.-P.},
  title = 	 {A Linear Algorithm for Segmentation of Discrete Curves},
  journal =	 "International Journal of Pattern Recognition and
		  Artificial Intelligence",
  year =	 {1995},
  volume =	 {9},
  pages =	 {635-662}
}

@inproceedings{Charrier_2008_dgci,
author={E. Charrier and L. Buzer},
title={An efficient and quasi-linear worst-case time algorithm for digital plane recognition},
booktitle={Proc. Int. Conf. Discrete Geometry for Computer Imagery (DGCI'2008), Lyon, France},
volume={4992},
series={LNCS},
year={2008},
pages={346-357},
publisher={Springer}
} 

@InProceedings{Said_2011_dgci,
  author = 	 {M. Said and Lachaud, J.-O.},
  title = 	 {Computing the Characteristics of a SubSegment of a Digital Straight Line in Logarithmic Time},
  booktitle = {{P}roc. {I}nternational {C}onference on {D}iscrete {G}eometry for {C}omputer {I}magery ({DGCI}2011)},
  year = 	 {2011},
  series = 	 {Lecture Notes in Computer Science},
  address = 	 {Nancy, France},
  month = 	 {apr},
  publisher =    {Springer},
  volume = {6607},
  pages = {320-332}
}

@inproceedings{Said_2009_dgci,
title={{M}ultiscale {D}iscrete {G}eometry},
author={{S}aid, {M}. and {L}achaud, {J.-O.} and {F}eschet, {F}.},
booktitle={{P}roc. {I}nternational {C}onference on {D}iscrete {G}eometry for {C}omputer {I}magery ({DGCI}2009)},
publisher={{S}pringer },
volume={5810},
pages={118-131},
address={{M}ontr{\'e}al, {Q}u{\'e}bec {C}anada },
series={{L}ecture {N}otes in {C}omputer {S}cience },
audience={internationale },
collaboration={{G}eo{DIB} ({ANR}-06-{BLAN}-0225) },
year={2009},
URL={http://hal.archives-ouvertes.fr/hal-00413681/en/},
}
